@inproceedings{zhuang2013experience,
  title={Experience with seattle: A community platform for research and education},
  author={Zhuang, Yanyan and Rafetseder, Albert and Cappos, Justin},
  booktitle={Research and Educational Experiment Workshop (GREE), 2013 Second GENI},
  pages={37--44},
  year={2013},
  organization={IEEE}
}


@inproceedings{cappos2009seattle,
  title={Seattle: a platform for educational cloud computing},
  author={Cappos, Justin and Beschastnikh, Ivan and Krishnamurthy, Arvind and Anderson, Tom},
  booktitle={ACM SIGCSE Bulletin},
  volume={41},
  number={1},
  pages={111--115},
  year={2009},
  organization={ACM}
}


@inproceedings {183951,
author = {Srikanth Sundaresan and Sam Burnett and Nick Feamster and Walter de Donato},
title = {BISmark: A Testbed for Deploying Measurements and Applications in Broadband Access Networks},
booktitle = {2014 USENIX Annual Technical Conference (USENIX ATC 14)},
year = {2014},
month = Jun,
isbn = {978-1-931971-10-2},
address = {Philadelphia, PA},
pages = {383--394},
url = {https://www.usenix.org/conference/atc14/technical-sessions/presentation/sundaresan},
publisher = {USENIX Association},
}


@article{sanchez2014measurement,
  title={A Measurement Experimentation Platform at the Internet's Edge},
  author={Sanchez, Miguel and Otto, John S and Bischof, Zachary S and Choffnes, David R and Bustamante, Fabi{\'a}n E and Krishnamurthy, Bharadwaj and Willinger, Walter and others},
  year={2014},
  publisher={IEEE}
}


@inproceedings{dhawan2012fathom,
  title={Fathom: a browser-based network measurement platform},
  author={Dhawan, Mohan and Samuel, Justin and Teixeira, Renata and Kreibich, Christian and Allman, Mark and Weaver, Nicholas and Paxson, Vern},
  booktitle={Proceedings of the 2012 ACM conference on Internet measurement conference},
  pages={73--86},
  year={2012},
  organization={ACM}
}


@article{bajpai2014lessons,
  title={Lessons Learned From Using the RIPE Atlas Platform for Measurement Research},
  author={Bajpai, Vaibhav and Eravuchira, Steffie Jacob and Sch{\"o}nw{\"a}lder, J{\"u}rgen},
  year={2014}
}


@inproceedings{spring2003scriptroute,
  title={Scriptroute: A Public Internet Measurement Facility.},
  author={Spring, Neil T and Wetherall, David and Anderson, Thomas E},
  booktitle={USENIX Symposium on Internet Technologies and Systems},
  year={2003}
}


@inproceedings{dicioccio2013measuring,
  title={Measuring home networks with homenet profiler},
  author={Dicioccio, Lucas and Teixeira, Renata and Rosenberg, Catherine},
  booktitle={Passive and Active Measurement},
  pages={176--186},
  year={2013},
  organization={Springer}
}


@inproceedings{grover2013peeking,
  title={Peeking behind the NAT: an empirical study of home networks},
  author={Grover, Sarthak and Park, Mi Seon and Sundaresan, Srikanth and Burnett, Sam and Kim, Hyojoon and Ravi, Bharath and Feamster, Nick},
  booktitle={Proceedings of the 2013 conference on Internet measurement conference},
  pages={377--390},
  year={2013},
  organization={ACM}
}


@inproceedings{sundaresan2013measuring,
  title={Measuring and mitigating web performance bottlenecks in broadband access networks},
  author={Sundaresan, Srikanth and Feamster, Nick and Teixeira, Renata and Magharei, Nazanin and others},
  booktitle={ACM Internet Measurement Conference},
  year={2013}
}


@inproceedings{sundaresan2015measuring,
  title={Measuring the Performance of User Traffic in Home Wireless Networks},
  author={Sundaresan, Srikanth and Feamster, Nick and Teixeira, Renata},
  booktitle={Passive and Active Measurement},
  pages={305--317},
  year={2015},
  organization={Springer}
}


@inproceedings{cappos2010retaining,
  title={Retaining sandbox containment despite bugs in privileged memory-safe code},
  author={Cappos, Justin and Dadgar, Armon and Rasley, Jeff and Samuel, Justin and Beschastnikh, Ivan and Barsan, Cosmin and Krishnamurthy, Arvind and Anderson, Thomas},
  booktitle={Proceedings of the 17th ACM conference on Computer and communications security},
  pages={212--223},
  year={2010},
  organization={ACM}
}


@misc{ref,
    title = {Reference monitor},
    note = {Accessed \today,  \url{https://en.wikipedia.org/wiki/Reference_monitor}},
}


@misc{seattle,
    title = {Seattle Testbed},
    note = {Accessed \today,  \url{https://seattle.poly.edu/}},
}


@misc{asia,
    title = {Internet Usage in Asia},
    note = {http://www.internetworldstats.com/stats3.html}},
}


@article{pradeshsurvey,
  title={A Survey on Security Issues and Threat Models in the Cloud},
  author={Pradesh, Andhra},
  publisher={Citeseer}
}


@inproceedings{yiakoumis2014behop,
  title={BeHop: a testbed for dense WiFi networks},
  author={Yiakoumis, Yiannis and Bansal, Manu and Covington, Adam and van Reijendam, Johan and Katti, Sachin and McKeown, Nick},
  booktitle={Proceedings of the 9th ACM international workshop on Wireless network testbeds, experimental evaluation and characterization},
  pages={1--8},
  year={2014},
  organization={ACM}
}


@inproceedings{li2015fence,
  title={Fence: protecting device availability with uniform resource control},
  author={Li, Tao and Rafetseder, Albert and Fonseca, Rodrigo and Cappos, Justin},
  booktitle={Proc. of USENIX ATC},
  year={2015}
}

