@inproceedings{zhuang2013experience,
  title={Experience with seattle: A community platform for research and education},
  author={Zhuang, Yanyan and Rafetseder, Albert and Cappos, Justin},
  booktitle={Research and Educational Experiment Workshop (GREE), 2013 Second GENI},
  pages={37--44},
  year={2013},
  organization={IEEE}
}


@inproceedings{cappos2009seattle,
  title={Seattle: a platform for educational cloud computing},
  author={Cappos, Justin and Beschastnikh, Ivan and Krishnamurthy, Arvind and Anderson, Tom},
  booktitle={ACM SIGCSE Bulletin},
  volume={41},
  number={1},
  pages={111--115},
  year={2009},
  organization={ACM}
}


@inproceedings {183951,
author = {Srikanth Sundaresan and Sam Burnett and Nick Feamster and Walter de Donato},
title = {BISmark: A Testbed for Deploying Measurements and Applications in Broadband Access Networks},
booktitle = {2014 USENIX Annual Technical Conference (USENIX ATC 14)},
year = {2014},
month = Jun,
isbn = {978-1-931971-10-2},
address = {Philadelphia, PA},
pages = {383--394},
url = {https://www.usenix.org/conference/atc14/technical-sessions/presentation/sundaresan},
publisher = {USENIX Association},
}


@article{sanchez2014measurement,
  title={A Measurement Experimentation Platform at the Internet's Edge},
  author={Sanchez, Miguel and Otto, John S and Bischof, Zachary S and Choffnes, David R and Bustamante, Fabi{\'a}n E and Krishnamurthy, Bharadwaj and Willinger, Walter and others},
  year={2014},
  publisher={IEEE}
}


@inproceedings{dhawan2012fathom,
  title={Fathom: a browser-based network measurement platform},
  author={Dhawan, Mohan and Samuel, Justin and Teixeira, Renata and Kreibich, Christian and Allman, Mark and Weaver, Nicholas and Paxson, Vern},
  booktitle={Proceedings of the 2012 ACM conference on Internet measurement conference},
  pages={73--86},
  year={2012},
  organization={ACM}
}


@article{bajpai2014lessons,
  title={Lessons Learned From Using the RIPE Atlas Platform for Measurement Research},
  author={Bajpai, Vaibhav and Eravuchira, Steffie Jacob and Sch{\"o}nw{\"a}lder, J{\"u}rgen},
  year={2014}
}


@inproceedings{spring2003scriptroute,
  title={Scriptroute: A Public Internet Measurement Facility.},
  author={Spring, Neil T and Wetherall, David and Anderson, Thomas E},
  booktitle={USENIX Symposium on Internet Technologies and Systems},
  year={2003}
}


@inproceedings{patro2013observing,
  title={Observing home wireless experience through wifi aps},
  author={Patro, Ashish and Govindan, Srinivas and Banerjee, Suman},
  booktitle={Proceedings of the 19th annual international conference on Mobile computing \& networking},
  pages={339--350},
  year={2013},
  organization={ACM}
}


@inproceedings{grover2013peeking,
  title={Peeking behind the NAT: an empirical study of home networks},
  author={Grover, Sarthak and Park, Mi Seon and Sundaresan, Srikanth and Burnett, Sam and Kim, Hyojoon and Ravi, Bharath and Feamster, Nick},
  booktitle={Proceedings of the 2013 conference on Internet measurement conference},
  pages={377--390},
  year={2013},
  organization={ACM}
}


@inproceedings{sundaresan2013measuring,
  title={Measuring and mitigating web performance bottlenecks in broadband access networks},
  author={Sundaresan, Srikanth and Feamster, Nick and Teixeira, Renata and Magharei, Nazanin and others},
  booktitle={ACM Internet Measurement Conference},
  year={2013}
}


@inproceedings{sundaresan2015measuring,
  title={Measuring the Performance of User Traffic in Home Wireless Networks},
  author={Sundaresan, Srikanth and Feamster, Nick and Teixeira, Renata},
  booktitle={Passive and Active Measurement},
  pages={305--317},
  year={2015},
  organization={Springer}
}


@inproceedings{cappos2010retaining,
  title={Retaining sandbox containment despite bugs in privileged memory-safe code},
  author={Cappos, Justin and Dadgar, Armon and Rasley, Jeff and Samuel, Justin and Beschastnikh, Ivan and Barsan, Cosmin and Krishnamurthy, Arvind and Anderson, Thomas},
  booktitle={Proceedings of the 17th ACM conference on Computer and communications security},
  pages={212--223},
  year={2010},
  organization={ACM}
}


@misc{ref,
    title = {Reference monitor},
    note = {Accessed \today,  \url{https://en.wikipedia.org/wiki/Reference_monitor}}
}


@misc{seattle,
    title = {Seattle Testbed},
    note = {Accessed \today,  \url{https://seattle.poly.edu/}}
}

@misc{samknows,
    title = {SamKnows},
    note = {\url{http://samknows.com/}}
}

@misc{openwrt,
    title = {OpenWrt},
    note = {\url{https://openwrt.org/}}
}

@misc{ripeatlas,
    title = {RIPE Atlas},
    note = {\url{https://atlas.ripe.net/}}
}


@misc{asia,
    title = {Internet Usage in Asia},
    note = {\url{http://www.internetworldstats.com/stats3.html}}
}


@article{pradeshsurvey,
  title={A Survey on Security Issues and Threat Models in the Cloud},
  author={Pradesh, Andhra},
  publisher={Citeseer}
}


@inproceedings{yiakoumis2014behop,
  title={BeHop: a testbed for dense WiFi networks},
  author={Yiakoumis, Yiannis and Bansal, Manu and Covington, Adam and van Reijendam, Johan and Katti, Sachin and McKeown, Nick},
  booktitle={Proceedings of the 9th ACM international workshop on Wireless network testbeds, experimental evaluation and characterization},
  pages={1--8},
  year={2014},
  organization={ACM}
}


@inproceedings{li2015fence,
  title={Fence: protecting device availability with uniform resource control},
  author={Li, Tao and Rafetseder, Albert and Fonseca, Rodrigo and Cappos, Justin},
  booktitle={Proc. of USENIX ATC},
  year={2015}
}


@inproceedings{kreibich2010netalyzr,
  title={Netalyzr: illuminating the edge network},
  author={Kreibich, Christian and Weaver, Nicholas and Nechaev, Boris and Paxson, Vern},
  booktitle={Proceedings of the 10th ACM SIGCOMM conference on Internet measurement},
  pages={246--259},
  year={2010},
  organization={ACM}
}


@article{chun2003planetlab,
  title={Planetlab: an overlay testbed for broad-coverage services},
  author={Chun, Brent and Culler, David and Roscoe, Timothy and Bavier, Andy and Peterson, Larry and Wawrzoniak, Mike and Bowman, Mic},
  journal={ACM SIGCOMM Computer Communication Review},
  volume={33},
  number={3},
  pages={3--12},
  year={2003},
  publisher={ACM}
}


@misc{mlab,
    title = {Measurement Lab},
    note = {\url{http://www.measurementlab.net/}}
}


@misc{gartner,
    title = {Gartner Says 6.4 Billion Connected "Things" Will Be in Use in 2016, Up 30 Percent From 2015},
    note = {\url{http://www.gartner.com/newsroom/id/3165317}}
}


@inproceedings{rafetseder2011exploring,
  title={Exploring YouTube's content distribution network through distributed application-layer measurements: a first view},
  author={Rafetseder, Albert and Metzger, Florian and Stezenbach, David and Tutschku, Kurt},
  booktitle={Proceedings of the 2011 International Workshop on Modeling, Analysis, and Control of Complex Networks},
  pages={31--36},
  year={2011},
  organization={International Teletraffic Congress}
}


@misc{open3gmap,
    title = {Open3GMap},
    note = {\url{https://o3gm.cs.univie.ac.at/.}}
}


@article{eisl2011service,
  title={Service architectures for the future converged internet: Specific challenges and possible solutions for mobile broad-band traffic management},
  author={Eisl, Jochen and Rafetseder, Albert and Tutschku, Kurt},
  journal={Future Internet Services and Service Architectures},
  volume={15},
  pages={49},
  year={2011},
  publisher={River Publishers}
}


@inproceedings{bishop1996attack,
  title={Attack class: Address spoofing},
  author={Bishop, Matt and Heberlein, LT},
  booktitle={Proceedings of the Nineteenth National Information Systems Security Conference},
  pages={371--377},
  year={1996}
}


@incollection{eddy2011syn,
  title={SYN Flood Attack},
  author={Eddy, Wesley M},
  booktitle={Encyclopedia of Cryptography and Security},
  pages={1273--1274},
  year={2011},
  publisher={Springer}
}


@misc{shellcode,
    title = {Shellcode},
    note = {\url{https://en.wikipedia.org/wiki/Shellcode}}
}


@misc{iw,
    title = {Linux wireless},
    note = {\url{https://wireless.wiki.kernel.org/en/users/documentation/iw}}
}


@inproceedings{rhea2005opendht,
  title={OpenDHT: a public DHT service and its uses},
  author={Rhea, Sean and Godfrey, Brighten and Karp, Brad and Kubiatowicz, John and Ratnasamy, Sylvia and Shenker, Scott and Stoica, Ion and Yu, Harlan},
  booktitle={ACM SIGCOMM Computer Communication Review},
  volume={35},
  number={4},
  pages={73--84},
  year={2005},
  organization={ACM}
}


@misc{seash,
    title = {Seattle Shell},
    note = {\url{https://seattle.poly.edu/wiki/SeattleShell}}
}


@misc{nodemanager,
    title = {Node Manager Design},
    note = {\url{https://seattle.poly.edu/wiki/UnderstandingSeattle/NodeManagerDesign}}
}


@article{calyamactive,
  title={Active and Passive Measurements on Campus, Regional and National Network Backbone Paths},
  author={Calyam, Prasad and Krymskiy, Dima and Sridharan, Mukundan and Schopis, Paul}
}


@article{joshi2013survey,
  title={A Survey on: Resource Consumption Index of Denial of Service Attack in MANET},
  author={Joshi, Pranita and Chandel, Gajendra Singh and Joshi, Shubham}
}

@misc{ping,
    title = {Ping (networking utility)},
    note = {\url{https://en.wikipedia.org/wiki/Ping_(networking_utility)}}
}


@misc{traceroute,
    title = {Traceroute},
    note = {\url{https://en.wikipedia.org/wiki/Traceroute}}
}


@inproceedings{mahajan2006analyzing,
  title={Analyzing the MAC-level behavior of wireless networks in the wild},
  author={Mahajan, Ratul and Rodrig, Maya and Wetherall, David and Zahorjan, John},
  booktitle={ACM SIGCOMM Computer Communication Review},
  volume={36},
  number={4},
  pages={75--86},
  year={2006},
  organization={ACM}
}


@inproceedings{paxson1996end,
  title={End-to-end routing behavior in the Internet},
  author={Paxson, Vern},
  booktitle={ACM SIGCOMM Computer Communication Review},
  volume={26},
  number={4},
  pages={25--38},
  year={1996},
  organization={ACM}
}


@inproceedings{chen2009sidewalk,
  title={Where the sidewalk ends: Extending the Internet AS graph using traceroutes from P2P users},
  author={Chen, Kai and Choffnes, David R and Potharaju, Rahul and Chen, Yan and Bustamante, Fabian E and Pei, Dan and Zhao, Yao},
  booktitle={Proceedings of the 5th international conference on Emerging networking experiments and technologies},
  pages={217--228},
  year={2009},
  organization={ACM}
}


@article{raghavendra2009wi,
  title={Wi-Fi networks are underutilized},
  author={Raghavendra, Ramya and Padhye, Jitendra and Mahajan, Ratul and Belding, Elizabeth}
}


@inproceedings{papagiannaki2006experimental,
  title={Experimental Characterization of Home Wireless Networks and Design Implications.},
  author={Papagiannaki, Konstantina and Yarvis, Mark D and Conner, W Steven}
}

@misc{channelsurvey,
    title = {IEEE 802.11 CHANNEL SURVEY STATISTICS},
    note = {\url{https://www.tablix.org/~avian/blog/archives/2016/02/ieee_802_11_channel_survey_statistics/}}
}


@inproceedings{chetty2011my,
  title={Why is my internet slow?: making network speeds visible},
  author={Chetty, Marshini and Haslem, David and Baird, Andrew and Ofoha, Ugochi and Sumner, Bethany and Grinter, Rebecca},
  booktitle={Proceedings of the SIGCHI Conference on Human Factors in Computing Systems},
  pages={1889--1898},
  year={2011},
  organization={ACM}
}


@inproceedings{dicioccio2012probe,
  title={Probe and pray: Using upnp for home network measurements},
  author={DiCioccio, Lucas and Teixeira, Renata and May, Martin and Kreibich, Christian},
  booktitle={Passive and Active Measurement},
  pages={96--105},
  year={2012},
  organization={Springer}
}


@inproceedings{sanchez2013trying,
  title={Trying broadband characterization at home},
  author={S{\'a}nchez, Mario A and Otto, John S and Bischof, Zachary S and Bustamante, Fabi{\'a}n E},
  booktitle={Passive and Active Measurement},
  pages={198--207},
  year={2013},
  organization={Springer}
}


@inproceedings{sundaresan2015measuring,
  title={Measuring the performance of user traffic in home wireless networks},
  author={Sundaresan, Srikanth and Feamster, Nick and Teixeira, Renata},
  booktitle={Passive and Active Measurement},
  pages={305--317},
  year={2015},
  organization={Springer}
}


@inproceedings{papagiannaki2006experimental,
  title={Experimental Characterization of Home Wireless Networks and Design Implications.},
  author={Papagiannaki, Konstantina and Yarvis, Mark D and Conner, W Steven},
  booktitle={INFOCOM},
  volume={6},
  pages={13},
  year={2006}
}


@inproceedings{pefkianakis2015characterizing,
  title={Characterizing home wireless performance: The gateway view},
  author={Pefkianakis, Ioannis and Lundgren, Henrik and Soule, Augustin and Chandrashekar, Jaideep and Le Guyadec, Pascal and Diot, Christophe and May, Martin and Van Doorselaer, Karel and Van Oost, Koen},
  booktitle={Computer Communications (INFOCOM), 2015 IEEE Conference on},
  pages={2713--2731},
  year={2015},
  organization={IEEE}
}


@article{aguayo2004link,
  title={Link-level measurements from an 802.11 b mesh network},
  author={Aguayo, Daniel and Bicket, John and Biswas, Sanjit and Judd, Glenn and Morris, Robert},
  journal={ACM SIGCOMM Computer Communication Review},
  volume={34},
  number={4},
  pages={121--132},
  year={2004},
  publisher={ACM}
}


@article{kotz2005analysis,
  title={Analysis of a campus-wide wireless network},
  author={Kotz, David and Essien, Kobby},
  journal={Wireless Networks},
  volume={11},
  number={1-2},
  pages={115--133},
  year={2005},
  publisher={Springer}
}


@article{raman2009feasibility,
  title={On the feasibility of the link abstraction in wireless mesh networks},
  author={Raman, Bhaskaran and Chebrolu, Kameswari and Gokhale, Dattatraya and Sen, Sayandeep},
  journal={Networking, IEEE/ACM Transactions on},
  volume={17},
  number={2},
  pages={528--541},
  year={2009},
  publisher={IEEE}
}