@inproceedings{zhuang2013experience,
  title={Experience with seattle: A community platform for research and education},
  author={Zhuang, Yanyan and Rafetseder, Albert and Cappos, Justin},
  booktitle={Research and Educational Experiment Workshop (GREE), 2013 Second GENI},
  pages={37--44},
  year={2013},
  organization={IEEE}
}


@inproceedings{cappos2009seattle,
  title={Seattle: a platform for educational cloud computing},
  author={Cappos, Justin and Beschastnikh, Ivan and Krishnamurthy, Arvind and Anderson, Tom},
  booktitle={ACM SIGCSE Bulletin},
  volume={41},
  number={1},
  pages={111--115},
  year={2009},
  organization={ACM}
}


@inproceedings {183951,
author = {Srikanth Sundaresan and Sam Burnett and Nick Feamster and Walter de Donato},
title = {BISmark: A Testbed for Deploying Measurements and Applications in Broadband Access Networks},
booktitle = {2014 USENIX Annual Technical Conference (USENIX ATC 14)},
year = {2014},
month = Jun,
isbn = {978-1-931971-10-2},
address = {Philadelphia, PA},
pages = {383--394},
url = {https://www.usenix.org/conference/atc14/technical-sessions/presentation/sundaresan},
publisher = {USENIX Association},
}


@inproceedings{cappos2010retaining,
  title={Retaining sandbox containment despite bugs in privileged memory-safe code},
  author={Cappos, Justin and Dadgar, Armon and Rasley, Jeff and Samuel, Justin and Beschastnikh, Ivan and Barsan, Cosmin and Krishnamurthy, Arvind and Anderson, Thomas},
  booktitle={Proceedings of the 17th ACM conference on Computer and communications security},
  pages={212--223},
  year={2010},
  organization={ACM}
}


@misc{gettid_issue,
    title = {Linux `GETTID` syscall problem on OpenWrt},
    note = {\url{https://github.com/SeattleTestbed/repy_v2/issues/98}}
}

@misc{openwrt,
    title = {OpenWrt},
    note = {\url{https://openwrt.org/}}
}


@inproceedings{li2015fence,
  title={Fence: protecting device availability with uniform resource control},
  author={Li, Tao and Rafetseder, Albert and Fonseca, Rodrigo and Cappos, Justin},
  booktitle={Proc. of USENIX ATC},
  year={2015}
}